<?xml version="1.0" encoding="UTF-8"?>
<collection
  xmlns:xsi="http://www.w3.org/2001/XMLSchema-instance"
  xsi:schemaLocation="http://www.loc.gov/MARC21/slim http://www.loc.gov/standards/marcxml/schema/MARC21slim.xsd"
  xmlns="http://www.loc.gov/MARC21/slim">

<record>
  <leader>07461ckdaa2200913 u 4500</leader>
  <controlfield tag="001">3462113</controlfield>
  <controlfield tag="005">20100226103330.0</controlfield>
  <controlfield tag="008">890404m19081909xx ||| |||||||   1k|eng d</controlfield>
  <datafield tag="035" ind1=" " ind2=" ">
    <subfield code="a">(OCoLC)84445734</subfield>
  </datafield>
  <datafield tag="035" ind1=" " ind2=" ">
    <subfield code="a">(OCoLC)ocm84445734</subfield>
  </datafield>
  <datafield tag="035" ind1=" " ind2=" ">
    <subfield code="a">(CStRLIN)NYDA89-F396</subfield>
  </datafield>
  <datafield tag="035" ind1=" " ind2=" ">
    <subfield code="9">AAA2584AD</subfield>
  </datafield>
  <datafield tag="035" ind1=" " ind2=" ">
    <subfield code="a">(NNC)3462113</subfield>
  </datafield>
  <datafield tag="040" ind1=" " ind2=" ">
    <subfield code="a">NNC-A</subfield>
    <subfield code="c">NNC-A</subfield>
    <subfield code="e">gihc</subfield>
  </datafield>
  <datafield tag="043" ind1=" " ind2=" ">
    <subfield code="a">n-us-ca</subfield>
  </datafield>
  <datafield tag="110" ind1="2" ind2=" ">
    <subfield code="a">Greene &amp; Greene.</subfield>
  </datafield>
  <datafield tag="240" ind1="1" ind2="0">
    <subfield code="a">David B. Gamble house (Pasadena, Calif.)</subfield>
  </datafield>
  <datafield tag="245" ind1="1" ind2="0">
    <subfield code="a">Residence for Mr. D.B. Gamble of Pasadena, California.</subfield>
    <subfield code="h">[graphic] /</subfield>
    <subfield code="c">Greene &amp; Greene, Architects.</subfield>
  </datafield>
  <datafield tag="260" ind1=" " ind2=" ">
    <subfield code="c">1908-1909.</subfield>
  </datafield>
  <datafield tag="300" ind1=" " ind2=" ">
    <subfield code="a">25 sheets :</subfield>
    <subfield code="b">various media ;</subfield>
    <subfield code="c">74.3 x 94.1 cm. (29 2/8 x 37 1/8 in.) or smaller.</subfield>
  </datafield>
  <datafield tag="500" ind1=" " ind2=" ">
    <subfield code="a">Scale varies.</subfield>
  </datafield>
  <datafield tag="500" ind1=" " ind2=" ">
    <subfield code="a">Bracketed title elements supplied by cataloger or taken from inventory.</subfield>
  </datafield>
  <datafield tag="580" ind1=" " ind2=" ">
    <subfield code="a">Forms part of the Greene &amp; Greene architectural drawings and photographs; job no. 215. Dept. of Drawings &amp; Archives, Avery Architectural and Fine Arts Library.</subfield>
  </datafield>
  <datafield tag="500" ind1=" " ind2=" ">
    <subfield code="a">This set consists of 7 drawings, blueprints with crayon annotations on linen; 6 drawings, graphite on linen; 6 drawings, ink on linen with ink wash applied to the verso; 4 drawings, ink on linen; 3 drawings, blueprints with crayon and graphite annotations on linen; 4 drawings,  ink with graphite annotations on linen; 3 drawings, ink on linen, with graphite annotations and also with ink wash applied to the verso; and 1 drawing, graphite on tracing paper.</subfield>
  </datafield>
  <datafield tag="561" ind1=" " ind2=" ">
    <subfield code="a">Gift of Jean Murray Bangs (Mrs. Harwell Hamilton Harris), 1960; formerly the collection of Charles Sumner Greene.</subfield>
  </datafield>
  <datafield tag="650" ind1=" " ind2="7">
    <subfield code="a">Houses.</subfield>
    <subfield code="2">aat</subfield>
  </datafield>
  <datafield tag="650" ind1=" " ind2="7">
    <subfield code="a">Fences.</subfield>
    <subfield code="2">aat</subfield>
  </datafield>
  <datafield tag="650" ind1=" " ind2="7">
    <subfield code="a">Water supply.</subfield>
    <subfield code="2">aat</subfield>
  </datafield>
  <datafield tag="655" ind1=" " ind2="7">
    <subfield code="a">Site plans.</subfield>
    <subfield code="2">aat</subfield>
  </datafield>
  <datafield tag="655" ind1=" " ind2="7">
    <subfield code="a">Detail drawings.</subfield>
    <subfield code="2">aat</subfield>
  </datafield>
  <datafield tag="655" ind1=" " ind2="7">
    <subfield code="a">Sketches.</subfield>
    <subfield code="2">aat</subfield>
  </datafield>
  <datafield tag="655" ind1=" " ind2="7">
    <subfield code="a">Reflected ceiling.</subfield>
    <subfield code="2">aat</subfield>
  </datafield>
  <datafield tag="655" ind1=" " ind2="7">
    <subfield code="a">Architectural drawings</subfield>
    <subfield code="x">American.</subfield>
    <subfield code="2">aat</subfield>
  </datafield>
  <datafield tag="655" ind1=" " ind2="7">
    <subfield code="a">Heating plans.</subfield>
    <subfield code="2">aat</subfield>
  </datafield>
  <datafield tag="655" ind1=" " ind2="7">
    <subfield code="a">Orthographic drawings.</subfield>
    <subfield code="2">aat</subfield>
  </datafield>
  <datafield tag="651" ind1=" " ind2="0">
    <subfield code="a">Pasadena (Calif.)</subfield>
  </datafield>
  <datafield tag="650" ind1=" " ind2="0">
    <subfield code="a">Architecture</subfield>
    <subfield code="z">United States</subfield>
    <subfield code="v">Designs and plans.</subfield>
  </datafield>
  <datafield tag="610" ind1="2" ind2="0">
    <subfield code="a">David B. Gamble House (Pasadena, Calif.)</subfield>
  </datafield>
  <datafield tag="700" ind1="1" ind2=" ">
    <subfield code="a">Greene, Charles Sumner,</subfield>
    <subfield code="d">1868-1957.</subfield>
  </datafield>
  <datafield tag="700" ind1="1" ind2=" ">
    <subfield code="a">Greene, Henry Mather,</subfield>
    <subfield code="d">1870-1954.</subfield>
  </datafield>
  <datafield tag="700" ind1="1" ind2=" ">
    <subfield code="a">Gamble, David B.</subfield>
  </datafield>
  <datafield tag="755" ind1=" " ind2=" ">
    <subfield code="a">Blueprints.</subfield>
    <subfield code="2">aat</subfield>
  </datafield>
  <datafield tag="755" ind1=" " ind2=" ">
    <subfield code="a">Pencil drawings.</subfield>
    <subfield code="2">aat</subfield>
  </datafield>
  <datafield tag="755" ind1=" " ind2=" ">
    <subfield code="a">Ink drawings.</subfield>
    <subfield code="2">aat</subfield>
  </datafield>
  <datafield tag="755" ind1=" " ind2=" ">
    <subfield code="a">Crayon drawings.</subfield>
    <subfield code="2">aat</subfield>
  </datafield>
  <datafield tag="755" ind1=" " ind2=" ">
    <subfield code="a">Ink wash drawings.</subfield>
    <subfield code="2">aat</subfield>
  </datafield>
  <datafield tag="799" ind1="4" ind2="3">
    <subfield code="a">The Greene &amp; Greene architectural drawings and photographs.</subfield>
  </datafield>
  <datafield tag="789" ind1="0" ind2=" ">
    <subfield code="1">[1]</subfield>
    <subfield code="i">NYDA.1960.001.04507.</subfield>
    <subfield code="t">[Site plan showing southern portion of grounds].</subfield>
    <subfield code="o">Encapsulated in mylar.</subfield>
  </datafield>
  <datafield tag="789" ind1="0" ind2=" ">
    <subfield code="1">[2]</subfield>
    <subfield code="i">NYDA.1960.001.01257.</subfield>
    <subfield code="t">Foundation plan, detail of den and living rm. chimney footing, section of N.E. balcony piers, section of dining rm. chimney footing :</subfield>
    <subfield code="n">Sheet no. 1,</subfield>
    <subfield code="d">Feb'y 19th, 1908.</subfield>
  </datafield>
  <datafield tag="789" ind1="0" ind2=" ">
    <subfield code="1">[3]</subfield>
    <subfield code="i">NYDA.1960.001.01258R.</subfield>
    <subfield code="t">Foundation plan, detail of den and living rm. chimney footing, section of N.E. balcony piers, section of dining rm. chimney footing :</subfield>
    <subfield code="n">Sheet no. 1,</subfield>
    <subfield code="d">Feb'y 19th, 1908.</subfield>
  </datafield>
  <datafield tag="789" ind1="0" ind2=" ">
    <subfield code="1">[4]</subfield>
    <subfield code="i">NYDA.1960.001.01258V.</subfield>
    <subfield code="t">[Unidentified detail sketches]</subfield>
  </datafield>
  <datafield tag="789" ind1="0" ind2=" ">
    <subfield code="1">[5]</subfield>
    <subfield code="i">NYDA.1960.001.01259.</subfield>
    <subfield code="t">First floor plan :</subfield>
    <subfield code="n">Sheet no. 2,</subfield>
    <subfield code="d">Feb'y 19th, 1908.</subfield>
  </datafield>
  <datafield tag="789" ind1="0" ind2=" ">
    <subfield code="1">[6]</subfield>
    <subfield code="i">NYDA.1960.001.01260R.</subfield>
    <subfield code="t">First floor plan :</subfield>
    <subfield code="n">Sheet no.2,</subfield>
    <subfield code="d">Feb'y 19th, 1908.</subfield>
  </datafield>
  <datafield tag="789" ind1="0" ind2=" ">
    <subfield code="1">[7]</subfield>
    <subfield code="i">NYDA.1960.001.01260V.</subfield>
    <subfield code="t">[Unidentified detail sketch]</subfield>
  </datafield>
  <datafield tag="789" ind1="0" ind2=" ">
    <subfield code="1">[8]</subfield>
    <subfield code="i">NYDA.1960.001.01261.</subfield>
    <subfield code="t">Second floor plan :</subfield>
    <subfield code="n">Sheet no. 3,</subfield>
    <subfield code="d">Feb. 19, 1908.</subfield>
  </datafield>
  <datafield tag="789" ind1="0" ind2=" ">
    <subfield code="1">[9]</subfield>
    <subfield code="i">NYDA.1960.001.01262R.</subfield>
    <subfield code="t">Second floor plan, [detail sketch of] skylight frames :</subfield>
    <subfield code="n">Sheet no. 3,</subfield>
    <subfield code="d">Feb. 19th, 1908.</subfield>
    <subfield code="o">Small piece of blueprint on paper showing revised version of bathroom no. 5 affixed to sheet.</subfield>
  </datafield>
  <datafield tag="789" ind1="0" ind2=" ">
    <subfield code="1">[10]</subfield>
    <subfield code="i">NYDA.1960.001.01262V.</subfield>
    <subfield code="t">[Unidentified rough sketch]</subfield>
  </datafield>
  <datafield tag="789" ind1="0" ind2=" ">
    <subfield code="1">[11]</subfield>
    <subfield code="i">NYDA.1960.001.01263.</subfield>
    <subfield code="t">Roof plan :</subfield>
    <subfield code="n">Sheet no. 4,</subfield>
    <subfield code="d">Feb. 19th, '08.</subfield>
  </datafield>
  <datafield tag="789" ind1="0" ind2=" ">
    <subfield code="1">[12]</subfield>
    <subfield code="i">NYDA.1960.001.01264.</subfield>
    <subfield code="t">Roof plan :</subfield>
    <subfield code="n">Sheet no. 4,</subfield>
    <subfield code="d">Feb. 19th, '08.</subfield>
  </datafield>
  <datafield tag="789" ind1="0" ind2=" ">
    <subfield code="1">[13]</subfield>
    <subfield code="i">NYDA.1960.001.01265.</subfield>
    <subfield code="t">East elevation, norht elevation :</subfield>
    <subfield code="n">Sheet no. 5,</subfield>
    <subfield code="d">Feb. 19th, 1908.</subfield>
  </datafield>
  <datafield tag="789" ind1="0" ind2=" ">
    <subfield code="1">[14]</subfield>
    <subfield code="i">NYDA.1960.001.01266R.</subfield>
    <subfield code="t">East elevation, north elevation :</subfield>
    <subfield code="n">Sheet no. 5,</subfield>
    <subfield code="d">Feb. 19th, 1908.</subfield>
  </datafield>
  <datafield tag="789" ind1="0" ind2=" ">
    <subfield code="1">[15]</subfield>
    <subfield code="i">NYDA.1960.001.01266V.</subfield>
    <subfield code="t">[Unidentified rough sketches]</subfield>
  </datafield>
  <datafield tag="789" ind1="0" ind2=" ">
    <subfield code="1">[16]</subfield>
    <subfield code="i">NYDA.1960.001.01267.</subfield>
    <subfield code="t">West elevation, south elevation :</subfield>
    <subfield code="n">Sheet no. 6,</subfield>
    <subfield code="d">Feb. 19, 1908.</subfield>
  </datafield>
  <datafield tag="789" ind1="0" ind2=" ">
    <subfield code="1">[17]</subfield>
    <subfield code="i">NYDA.1960.001.01268.</subfield>
    <subfield code="t">West elevation, south elevation :</subfield>
    <subfield code="n">Sheet no. 6,</subfield>
    <subfield code="d">Feb. 19th, 1908.</subfield>
  </datafield>
  <datafield tag="789" ind1="0" ind2=" ">
    <subfield code="1">[18]</subfield>
    <subfield code="i">NYDA.1960.001.01269.</subfield>
    <subfield code="t">[Interior elevations] -- living room, dining room, den, butler's pantry, north side of hall, est side of hall ; plan of dining rm. ceiling :</subfield>
    <subfield code="n">Sheet no. 7,</subfield>
    <subfield code="d">Feb. 19, 1908.</subfield>
  </datafield>
  <datafield tag="789" ind1="0" ind2=" ">
    <subfield code="1">[19]</subfield>
    <subfield code="i">NYDA.1960.001.01270.</subfield>
    <subfield code="t">[Interior elevations] -- living room, dining room, den, butler's pantry, north side of hall, east side of hall ; plan of dining rm. ceiling :</subfield>
    <subfield code="n">Sheet no. 7,</subfield>
    <subfield code="d">Feb. 19th, 1908.</subfield>
  </datafield>
  <datafield tag="789" ind1="0" ind2=" ">
    <subfield code="1">[20]</subfield>
    <subfield code="i">NYDA.1960.001.01271.</subfield>
    <subfield code="t">Bedroom details [in elevations] -- bedroom no. 0, bedroom no. 2, bedroom no. 1, bedroom no. 3, bedroom no. 6 :</subfield>
    <subfield code="n">Sheet no. 8,</subfield>
    <subfield code="d">Feb. 19, '08.</subfield>
  </datafield>
  <datafield tag="789" ind1="0" ind2=" ">
    <subfield code="1">[21]</subfield>
    <subfield code="i">NYDA.1960.001.01272R.</subfield>
    <subfield code="t">Bedroom details [in elevations] -- bedroom no. 0, bedroom no. 2, bedroom no. 1, bedroom no. 3, bedroom no. 6 :</subfield>
    <subfield code="n">Sheet no. 8,</subfield>
    <subfield code="d">Feb. 19th, '08.</subfield>
  </datafield>
  <datafield tag="789" ind1="0" ind2=" ">
    <subfield code="1">[22]</subfield>
    <subfield code="i">NYDA.1960.001.01272V.</subfield>
    <subfield code="t">[Unidentified rough sketches]</subfield>
  </datafield>
  <datafield tag="789" ind1="0" ind2=" ">
    <subfield code="1">[23]</subfield>
    <subfield code="i">NYDA.1960.001.01273.</subfield>
    <subfield code="t">Details -- 1 1/2" scale detail of cellar windows, typical wall section[s with] exterior [and] interior [elevations of window], section thru verge board taken at "A-A", typical girder post footing ; screened porch and south gable end details -- section thru south wall looking west, section thru east wall looking north ; east gabel end and bedr'm no. 3 beam details -- east wall looking south, section thru north wall looking west ; section thru north gable end (complete detail to be given later) ; section thru west end of main hall  (looking north) :</subfield>
    <subfield code="n">Sheet no. 9,</subfield>
    <subfield code="d">Feb. 19th, 1908.</subfield>
  </datafield>
  <datafield tag="789" ind1="0" ind2=" ">
    <subfield code="1">[24]</subfield>
    <subfield code="i">NYDA.1960.001.01274R.</subfield>
    <subfield code="t">Details -- 1 1/2" scale detail of cellar windows, typical wall section[s with] exterior [and] interior [elevations of window], section thru verge board taken at "A-A", typical girder post footing ; screened porch and south gable end details -- section thru south wall looking west, section thru east wall looking north ; past gable end and bedr'm no. 3 beam details -- east wall looking south, section thru north wall looking west ; section thru north gable end (complete detail to given later) ; section thru west end of main hall (looking north) :</subfield>
    <subfield code="n">Sheet no. 9,</subfield>
    <subfield code="d">Feb. 19th, 1908.</subfield>
  </datafield>
  <datafield tag="789" ind1="0" ind2=" ">
    <subfield code="1">[25]</subfield>
    <subfield code="i">NYDA.1960.001.01274V.</subfield>
    <subfield code="t">[Unidentified rough sketches]</subfield>
  </datafield>
  <datafield tag="789" ind1="0" ind2=" ">
    <subfield code="1">[26]</subfield>
    <subfield code="i">NYDA.1960.001.01275.</subfield>
    <subfield code="t">Section thru halls and billiard room looking south :</subfield>
    <subfield code="n">Sheet no. 10,</subfield>
    <subfield code="d">Feb. 19th, 1908.</subfield>
  </datafield>
  <datafield tag="789" ind1="0" ind2=" ">
    <subfield code="1">[27]</subfield>
    <subfield code="i">NYDA.1960.001.01276.</subfield>
    <subfield code="t">Section thru halls and billiard room looking south :</subfield>
    <subfield code="n">Sheet no. 10,</subfield>
    <subfield code="d">Feb. 19th, 1908.</subfield>
  </datafield>
  <datafield tag="789" ind1="0" ind2=" ">
    <subfield code="1">[28]</subfield>
    <subfield code="i">NYDA.1960.001.01277.</subfield>
    <subfield code="t">Plan showing heating system :</subfield>
    <subfield code="n">Sheet no. 49.,</subfield>
    <subfield code="d">July 25, 1908.</subfield>
  </datafield>
  <datafield tag="789" ind1="0" ind2=" ">
    <subfield code="1">[29]</subfield>
    <subfield code="i">NYDA.1960.001.01278.</subfield>
    <subfield code="t">1/4" scale detail of kitchen yard fence -- section A-A, elevation on south property line :</subfield>
    <subfield code="n">Sheet no. 103,</subfield>
    <subfield code="d">Jan. 7, 1909.</subfield>
  </datafield>
  <datafield tag="789" ind1="0" ind2=" ">
    <subfield code="1">[30]</subfield>
    <subfield code="i">NYDA.1960.001.01279.</subfield>
    <subfield code="t">1/4" scale plan of kitchen yard fence, plan of upper part of gate :</subfield>
    <subfield code="n">Sheet no. 103A,</subfield>
    <subfield code="d">Jan. 7, 1909.</subfield>
  </datafield>
  <datafield tag="789" ind1="0" ind2=" ">
    <subfield code="1">[31]</subfield>
    <subfield code="i">NYDA.1960.001.01280.</subfield>
    <subfield code="t">Plan of lot showing piping :</subfield>
    <subfield code="n">Sheet no. 115,</subfield>
    <subfield code="d">April 23, 1909.</subfield>
  </datafield>
  <datafield tag="900" ind1=" " ind2=" ">
    <subfield code="a">AUTH</subfield>
  </datafield>
</record>

</collection>